<record><leader>00797nam a22002171  4500</leader><controlfield tag="001">011592777</controlfield><controlfield tag="003">MiAaHDL</controlfield><controlfield tag="005">20120515000000.0</controlfield><controlfield tag="006">m        d        </controlfield><controlfield tag="007">cr bn ---auaua</controlfield><controlfield tag="008">870728s1892    enka         f00000 eng u</controlfield><datafield tag="010" ind1=" " ind2=" "><subfield code="a">   08031103 //r87</subfield></datafield><datafield tag="035" ind1=" " ind2=" "><subfield code="a">sdr-chi847532</subfield></datafield><datafield tag="035" ind1=" " ind2=" "><subfield code="a">(OCoLC)16465261</subfield></datafield><datafield tag="035" ind1=" " ind2=" "><subfield code="a">(ICU)BID10725238</subfield></datafield><datafield tag="040" ind1=" " ind2=" "><subfield code="a">DLC/ICU</subfield><subfield code="c">ICU</subfield></datafield><datafield tag="041" ind1="0" ind2=" "><subfield code="a">eng</subfield></datafield><datafield tag="050" ind1="0" ind2=" "><subfield code="a">QC849</subfield><subfield code="b">.G76 1892</subfield></datafield><datafield tag="110" ind1="1" ind2=" "><subfield code="a">Great Britain.</subfield><subfield code="b">Hydrographic Dept.</subfield></datafield><datafield tag="245" ind1="1" ind2="0"><subfield code="a">Practical rules for ascertaining and applying the deviations of the compass caused by iron in a ship.</subfield><subfield code="c">Published by order of the Lords commissioners of the Admiralty.</subfield></datafield><datafield tag="260" ind1="0" ind2=" "><subfield code="a">London,</subfield><subfield code="b">Printed for the Hydrographic office, Admiralty,</subfield><subfield code="c">1892.</subfield></datafield><datafield tag="300" ind1=" " ind2=" "><subfield code="a">14 p., 1 l.</subfield><subfield code="b">fold. diagrs.</subfield><subfield code="c">25 cm.</subfield></datafield><datafield tag="538" ind1=" " ind2=" "><subfield code="a">Mode of access: Internet.</subfield></datafield><datafield tag="650" ind1=" " ind2="0"><subfield code="a">Magnetism of ships</subfield></datafield><datafield tag="650" ind1=" " ind2="0"><subfield code="a">Compass</subfield></datafield><datafield tag="CID" ind1=" " ind2=" "><subfield code="a">011592777</subfield></datafield><datafield tag="DAT" ind1="0" ind2=" "><subfield code="a">19970913222100.0</subfield><subfield code="b">20120515000000.0</subfield></datafield><datafield tag="DAT" ind1="1" ind2=" "><subfield code="a">20120814084049.0</subfield><subfield code="b">2022-04-02T17:30:02Z</subfield></datafield><datafield tag="DAT" ind1="2" ind2=" "><subfield code="a">2022-04-02T17:30:02Z</subfield></datafield><datafield tag="CAT" ind1=" " ind2=" "><subfield code="a">SDR-CHI</subfield><subfield code="d">UNKNOWN</subfield><subfield code="l">loader.pl-001-001</subfield></datafield><datafield tag="FMT" ind1=" " ind2=" "><subfield code="a">BK</subfield></datafield><datafield tag="HOL" ind1=" " ind2=" "><subfield code="0">sdr-chi847532</subfield><subfield code="a">chi</subfield><subfield code="b">SDR</subfield><subfield code="c">CHI</subfield><subfield code="p">chi.086014697</subfield><subfield code="s">CHI</subfield><subfield code="z">c.1</subfield><subfield code="1">847532</subfield></datafield><datafield tag="974" ind1=" " ind2=" "><subfield code="b">CHI</subfield><subfield code="c">CHI</subfield><subfield code="d">20220402</subfield><subfield code="s">google</subfield><subfield code="u">chi.086014697</subfield><subfield code="z">c.1</subfield><subfield code="y">1892</subfield><subfield code="r">pd</subfield><subfield code="q">exp</subfield></datafield></record>